@phdthesis{巩慧琴2012高铁时代下旅客交通工具选择行为研究,
	title={高铁时代下旅客交通工具选择行为研究},
	author={巩慧琴},
	school={辽宁师范大学},
	year={2012},
}

